%YAML 1.1
%TAG !u! tag:unity3d.com,2011:
--- !u!91 &9100000
AnimatorController:
  m_ObjectHideFlags: 0
  m_PrefabParentObject: {fileID: 0}
  m_PrefabInternal: {fileID: 0}
  m_Name: ActionController
  serializedVersion: 5
  m_AnimatorParameters:
  - m_Name: state
    m_Type: 3
    m_DefaultFloat: 0
    m_DefaultInt: 0
    m_DefaultBool: 0
    m_Controller: {fileID: 0}
  m_AnimatorLayers:
  - serializedVersion: 5
    m_Name: Base Layer
    m_StateMachine: {fileID: 1107221528450154868}
    m_Mask: {fileID: 0}
    m_Motions: []
    m_Behaviours: []
    m_BlendingMode: 0
    m_SyncedLayerIndex: -1
    m_DefaultWeight: 0
    m_IKPass: 0
    m_SyncedLayerAffectsTiming: 0
    m_Controller: {fileID: 9100000}
--- !u!1101 &1101169784483123240
AnimatorStateTransition:
  m_ObjectHideFlags: 1
  m_PrefabParentObject: {fileID: 0}
  m_PrefabInternal: {fileID: 0}
  m_Name: 
  m_Conditions:
  - m_ConditionMode: 7
    m_ConditionEvent: state
    m_EventTreshold: 2
  m_DstStateMachine: {fileID: 1107221528450154868}
  m_DstState: {fileID: 0}
  m_Solo: 0
  m_Mute: 0
  m_IsExit: 0
  serializedVersion: 3
  m_TransitionDuration: 0
  m_TransitionOffset: 0
  m_ExitTime: 1
  m_HasExitTime: 0
  m_HasFixedDuration: 1
  m_InterruptionSource: 0
  m_OrderedInterruption: 1
  m_CanTransitionToSelf: 1
--- !u!1101 &1101263017380014548
AnimatorStateTransition:
  m_ObjectHideFlags: 1
  m_PrefabParentObject: {fileID: 0}
  m_PrefabInternal: {fileID: 0}
  m_Name: 
  m_Conditions:
  - m_ConditionMode: 7
    m_ConditionEvent: state
    m_EventTreshold: 6
  m_DstStateMachine: {fileID: 1107221528450154868}
  m_DstState: {fileID: 0}
  m_Solo: 0
  m_Mute: 0
  m_IsExit: 0
  serializedVersion: 3
  m_TransitionDuration: 0
  m_TransitionOffset: 0
  m_ExitTime: 1.0000001
  m_HasExitTime: 0
  m_HasFixedDuration: 1
  m_InterruptionSource: 0
  m_OrderedInterruption: 1
  m_CanTransitionToSelf: 1
--- !u!1101 &1101323549376030932
AnimatorStateTransition:
  m_ObjectHideFlags: 1
  m_PrefabParentObject: {fileID: 0}
  m_PrefabInternal: {fileID: 0}
  m_Name: 
  m_Conditions: []
  m_DstStateMachine: {fileID: 1107221528450154868}
  m_DstState: {fileID: 0}
  m_Solo: 0
  m_Mute: 0
  m_IsExit: 0
  serializedVersion: 3
  m_TransitionDuration: 0.25
  m_TransitionOffset: 0
  m_ExitTime: 0.25
  m_HasExitTime: 1
  m_HasFixedDuration: 1
  m_InterruptionSource: 0
  m_OrderedInterruption: 1
  m_CanTransitionToSelf: 1
--- !u!1101 &1101330693424700950
AnimatorStateTransition:
  m_ObjectHideFlags: 1
  m_PrefabParentObject: {fileID: 0}
  m_PrefabInternal: {fileID: 0}
  m_Name: 
  m_Conditions:
  - m_ConditionMode: 7
    m_ConditionEvent: state
    m_EventTreshold: 11
  m_DstStateMachine: {fileID: 1107221528450154868}
  m_DstState: {fileID: 0}
  m_Solo: 0
  m_Mute: 0
  m_IsExit: 0
  serializedVersion: 3
  m_TransitionDuration: 0
  m_TransitionOffset: 0
  m_ExitTime: 1
  m_HasExitTime: 0
  m_HasFixedDuration: 1
  m_InterruptionSource: 0
  m_OrderedInterruption: 1
  m_CanTransitionToSelf: 1
--- !u!1101 &1101350196353294342
AnimatorStateTransition:
  m_ObjectHideFlags: 1
  m_PrefabParentObject: {fileID: 0}
  m_PrefabInternal: {fileID: 0}
  m_Name: 
  m_Conditions: []
  m_DstStateMachine: {fileID: 1107281270887114412}
  m_DstState: {fileID: 0}
  m_Solo: 0
  m_Mute: 0
  m_IsExit: 0
  serializedVersion: 3
  m_TransitionDuration: 0.25
  m_TransitionOffset: 0
  m_ExitTime: 0.625
  m_HasExitTime: 1
  m_HasFixedDuration: 1
  m_InterruptionSource: 0
  m_OrderedInterruption: 1
  m_CanTransitionToSelf: 1
--- !u!1101 &1101351509525792776
AnimatorStateTransition:
  m_ObjectHideFlags: 1
  m_PrefabParentObject: {fileID: 0}
  m_PrefabInternal: {fileID: 0}
  m_Name: 
  m_Conditions:
  - m_ConditionMode: 7
    m_ConditionEvent: state
    m_EventTreshold: 12
  m_DstStateMachine: {fileID: 1107221528450154868}
  m_DstState: {fileID: 0}
  m_Solo: 0
  m_Mute: 0
  m_IsExit: 0
  serializedVersion: 3
  m_TransitionDuration: 0
  m_TransitionOffset: 0
  m_ExitTime: 1
  m_HasExitTime: 0
  m_HasFixedDuration: 1
  m_InterruptionSource: 0
  m_OrderedInterruption: 1
  m_CanTransitionToSelf: 1
--- !u!1101 &1101377287373793062
AnimatorStateTransition:
  m_ObjectHideFlags: 1
  m_PrefabParentObject: {fileID: 0}
  m_PrefabInternal: {fileID: 0}
  m_Name: 
  m_Conditions: []
  m_DstStateMachine: {fileID: 1107221528450154868}
  m_DstState: {fileID: 0}
  m_Solo: 0
  m_Mute: 0
  m_IsExit: 0
  serializedVersion: 3
  m_TransitionDuration: 0.25
  m_TransitionOffset: 0
  m_ExitTime: 0.25
  m_HasExitTime: 1
  m_HasFixedDuration: 1
  m_InterruptionSource: 0
  m_OrderedInterruption: 1
  m_CanTransitionToSelf: 1
--- !u!1101 &1101377398117975008
AnimatorStateTransition:
  m_ObjectHideFlags: 1
  m_PrefabParentObject: {fileID: 0}
  m_PrefabInternal: {fileID: 0}
  m_Name: 
  m_Conditions: []
  m_DstStateMachine: {fileID: 0}
  m_DstState: {fileID: 1102249786447603488}
  m_Solo: 0
  m_Mute: 0
  m_IsExit: 0
  serializedVersion: 3
  m_TransitionDuration: 0.25
  m_TransitionOffset: 0
  m_ExitTime: 0.625
  m_HasExitTime: 1
  m_HasFixedDuration: 1
  m_InterruptionSource: 0
  m_OrderedInterruption: 1
  m_CanTransitionToSelf: 1
--- !u!1101 &1101483372004767226
AnimatorStateTransition:
  m_ObjectHideFlags: 1
  m_PrefabParentObject: {fileID: 0}
  m_PrefabInternal: {fileID: 0}
  m_Name: 
  m_Conditions:
  - m_ConditionMode: 7
    m_ConditionEvent: state
    m_EventTreshold: 3
  m_DstStateMachine: {fileID: 1107221528450154868}
  m_DstState: {fileID: 0}
  m_Solo: 0
  m_Mute: 0
  m_IsExit: 0
  serializedVersion: 3
  m_TransitionDuration: 0
  m_TransitionOffset: 0
  m_ExitTime: 1.0000001
  m_HasExitTime: 0
  m_HasFixedDuration: 1
  m_InterruptionSource: 0
  m_OrderedInterruption: 1
  m_CanTransitionToSelf: 1
--- !u!1101 &1101543381434252044
AnimatorStateTransition:
  m_ObjectHideFlags: 1
  m_PrefabParentObject: {fileID: 0}
  m_PrefabInternal: {fileID: 0}
  m_Name: 
  m_Conditions: []
  m_DstStateMachine: {fileID: 0}
  m_DstState: {fileID: 1102244419502609206}
  m_Solo: 0
  m_Mute: 0
  m_IsExit: 0
  serializedVersion: 3
  m_TransitionDuration: 0.25
  m_TransitionOffset: 0
  m_ExitTime: 0.75
  m_HasExitTime: 1
  m_HasFixedDuration: 1
  m_InterruptionSource: 0
  m_OrderedInterruption: 1
  m_CanTransitionToSelf: 1
--- !u!1101 &1101554315056730958
AnimatorStateTransition:
  m_ObjectHideFlags: 1
  m_PrefabParentObject: {fileID: 0}
  m_PrefabInternal: {fileID: 0}
  m_Name: 
  m_Conditions:
  - m_ConditionMode: 7
    m_ConditionEvent: state
    m_EventTreshold: 4
  m_DstStateMachine: {fileID: 1107221528450154868}
  m_DstState: {fileID: 0}
  m_Solo: 0
  m_Mute: 0
  m_IsExit: 0
  serializedVersion: 3
  m_TransitionDuration: 0
  m_TransitionOffset: 0
  m_ExitTime: 1.0000001
  m_HasExitTime: 0
  m_HasFixedDuration: 1
  m_InterruptionSource: 0
  m_OrderedInterruption: 1
  m_CanTransitionToSelf: 1
--- !u!1101 &1101568608170002388
AnimatorStateTransition:
  m_ObjectHideFlags: 1
  m_PrefabParentObject: {fileID: 0}
  m_PrefabInternal: {fileID: 0}
  m_Name: 
  m_Conditions:
  - m_ConditionMode: 7
    m_ConditionEvent: state
    m_EventTreshold: 8
  m_DstStateMachine: {fileID: 1107221528450154868}
  m_DstState: {fileID: 0}
  m_Solo: 0
  m_Mute: 0
  m_IsExit: 0
  serializedVersion: 3
  m_TransitionDuration: 0
  m_TransitionOffset: 0
  m_ExitTime: 1
  m_HasExitTime: 0
  m_HasFixedDuration: 1
  m_InterruptionSource: 0
  m_OrderedInterruption: 1
  m_CanTransitionToSelf: 1
--- !u!1101 &1101632303038008966
AnimatorStateTransition:
  m_ObjectHideFlags: 1
  m_PrefabParentObject: {fileID: 0}
  m_PrefabInternal: {fileID: 0}
  m_Name: 
  m_Conditions:
  - m_ConditionMode: 7
    m_ConditionEvent: state
    m_EventTreshold: 14
  m_DstStateMachine: {fileID: 1107221528450154868}
  m_DstState: {fileID: 0}
  m_Solo: 0
  m_Mute: 0
  m_IsExit: 0
  serializedVersion: 3
  m_TransitionDuration: 0
  m_TransitionOffset: 0
  m_ExitTime: 1
  m_HasExitTime: 0
  m_HasFixedDuration: 1
  m_InterruptionSource: 0
  m_OrderedInterruption: 1
  m_CanTransitionToSelf: 1
--- !u!1101 &1101657217700676246
AnimatorStateTransition:
  m_ObjectHideFlags: 1
  m_PrefabParentObject: {fileID: 0}
  m_PrefabInternal: {fileID: 0}
  m_Name: 
  m_Conditions:
  - m_ConditionMode: 7
    m_ConditionEvent: state
    m_EventTreshold: 5
  m_DstStateMachine: {fileID: 1107221528450154868}
  m_DstState: {fileID: 0}
  m_Solo: 0
  m_Mute: 0
  m_IsExit: 0
  serializedVersion: 3
  m_TransitionDuration: 0
  m_TransitionOffset: 0
  m_ExitTime: 1.0000001
  m_HasExitTime: 0
  m_HasFixedDuration: 1
  m_InterruptionSource: 0
  m_OrderedInterruption: 1
  m_CanTransitionToSelf: 1
--- !u!1101 &1101661698285383788
AnimatorStateTransition:
  m_ObjectHideFlags: 1
  m_PrefabParentObject: {fileID: 0}
  m_PrefabInternal: {fileID: 0}
  m_Name: 
  m_Conditions:
  - m_ConditionMode: 7
    m_ConditionEvent: state
    m_EventTreshold: 0
  m_DstStateMachine: {fileID: 1107221528450154868}
  m_DstState: {fileID: 0}
  m_Solo: 0
  m_Mute: 0
  m_IsExit: 0
  serializedVersion: 3
  m_TransitionDuration: 0
  m_TransitionOffset: 0
  m_ExitTime: 1.0000001
  m_HasExitTime: 0
  m_HasFixedDuration: 1
  m_InterruptionSource: 0
  m_OrderedInterruption: 1
  m_CanTransitionToSelf: 1
--- !u!1101 &1101673990829973878
AnimatorStateTransition:
  m_ObjectHideFlags: 1
  m_PrefabParentObject: {fileID: 0}
  m_PrefabInternal: {fileID: 0}
  m_Name: 
  m_Conditions:
  - m_ConditionMode: 7
    m_ConditionEvent: state
    m_EventTreshold: 15
  m_DstStateMachine: {fileID: 1107221528450154868}
  m_DstState: {fileID: 0}
  m_Solo: 0
  m_Mute: 0
  m_IsExit: 0
  serializedVersion: 3
  m_TransitionDuration: 0
  m_TransitionOffset: 0
  m_ExitTime: 0.9999998
  m_HasExitTime: 0
  m_HasFixedDuration: 1
  m_InterruptionSource: 0
  m_OrderedInterruption: 1
  m_CanTransitionToSelf: 1
--- !u!1101 &1101741780974845150
AnimatorStateTransition:
  m_ObjectHideFlags: 1
  m_PrefabParentObject: {fileID: 0}
  m_PrefabInternal: {fileID: 0}
  m_Name: 
  m_Conditions:
  - m_ConditionMode: 7
    m_ConditionEvent: state
    m_EventTreshold: 12
  m_DstStateMachine: {fileID: 1107221528450154868}
  m_DstState: {fileID: 0}
  m_Solo: 0
  m_Mute: 0
  m_IsExit: 0
  serializedVersion: 3
  m_TransitionDuration: 0
  m_TransitionOffset: 0
  m_ExitTime: 1
  m_HasExitTime: 0
  m_HasFixedDuration: 1
  m_InterruptionSource: 0
  m_OrderedInterruption: 1
  m_CanTransitionToSelf: 1
--- !u!1101 &1101847353237925984
AnimatorStateTransition:
  m_ObjectHideFlags: 1
  m_PrefabParentObject: {fileID: 0}
  m_PrefabInternal: {fileID: 0}
  m_Name: 
  m_Conditions:
  - m_ConditionMode: 7
    m_ConditionEvent: state
    m_EventTreshold: 9
  m_DstStateMachine: {fileID: 1107221528450154868}
  m_DstState: {fileID: 0}
  m_Solo: 0
  m_Mute: 0
  m_IsExit: 0
  serializedVersion: 3
  m_TransitionDuration: 0
  m_TransitionOffset: 0
  m_ExitTime: 1
  m_HasExitTime: 0
  m_HasFixedDuration: 1
  m_InterruptionSource: 0
  m_OrderedInterruption: 1
  m_CanTransitionToSelf: 1
--- !u!1101 &1101848747803477698
AnimatorStateTransition:
  m_ObjectHideFlags: 1
  m_PrefabParentObject: {fileID: 0}
  m_PrefabInternal: {fileID: 0}
  m_Name: 
  m_Conditions:
  - m_ConditionMode: 7
    m_ConditionEvent: state
    m_EventTreshold: 10
  m_DstStateMachine: {fileID: 1107221528450154868}
  m_DstState: {fileID: 0}
  m_Solo: 0
  m_Mute: 0
  m_IsExit: 0
  serializedVersion: 3
  m_TransitionDuration: 0
  m_TransitionOffset: 0
  m_ExitTime: 1
  m_HasExitTime: 0
  m_HasFixedDuration: 1
  m_InterruptionSource: 0
  m_OrderedInterruption: 1
  m_CanTransitionToSelf: 1
--- !u!1101 &1101894882655535556
AnimatorStateTransition:
  m_ObjectHideFlags: 1
  m_PrefabParentObject: {fileID: 0}
  m_PrefabInternal: {fileID: 0}
  m_Name: 
  m_Conditions: []
  m_DstStateMachine: {fileID: 0}
  m_DstState: {fileID: 1102631520118576822}
  m_Solo: 0
  m_Mute: 0
  m_IsExit: 0
  serializedVersion: 3
  m_TransitionDuration: 0.25
  m_TransitionOffset: 0
  m_ExitTime: 0.625
  m_HasExitTime: 1
  m_HasFixedDuration: 1
  m_InterruptionSource: 0
  m_OrderedInterruption: 1
  m_CanTransitionToSelf: 1
--- !u!1101 &1101958523407041770
AnimatorStateTransition:
  m_ObjectHideFlags: 1
  m_PrefabParentObject: {fileID: 0}
  m_PrefabInternal: {fileID: 0}
  m_Name: 
  m_Conditions: []
  m_DstStateMachine: {fileID: 0}
  m_DstState: {fileID: 1102169174470521568}
  m_Solo: 0
  m_Mute: 0
  m_IsExit: 0
  serializedVersion: 3
  m_TransitionDuration: 0.25
  m_TransitionOffset: 0
  m_ExitTime: 0.75
  m_HasExitTime: 1
  m_HasFixedDuration: 1
  m_InterruptionSource: 0
  m_OrderedInterruption: 1
  m_CanTransitionToSelf: 1
--- !u!1101 &1101965976159359642
AnimatorStateTransition:
  m_ObjectHideFlags: 1
  m_PrefabParentObject: {fileID: 0}
  m_PrefabInternal: {fileID: 0}
  m_Name: 
  m_Conditions:
  - m_ConditionMode: 7
    m_ConditionEvent: state
    m_EventTreshold: 1
  m_DstStateMachine: {fileID: 1107221528450154868}
  m_DstState: {fileID: 0}
  m_Solo: 0
  m_Mute: 0
  m_IsExit: 0
  serializedVersion: 3
  m_TransitionDuration: 0
  m_TransitionOffset: 0
  m_ExitTime: 1.0000001
  m_HasExitTime: 0
  m_HasFixedDuration: 1
  m_InterruptionSource: 0
  m_OrderedInterruption: 1
  m_CanTransitionToSelf: 1
--- !u!1101 &1101990774555390102
AnimatorStateTransition:
  m_ObjectHideFlags: 1
  m_PrefabParentObject: {fileID: 0}
  m_PrefabInternal: {fileID: 0}
  m_Name: 
  m_Conditions:
  - m_ConditionMode: 7
    m_ConditionEvent: state
    m_EventTreshold: 7
  m_DstStateMachine: {fileID: 1107221528450154868}
  m_DstState: {fileID: 0}
  m_Solo: 0
  m_Mute: 0
  m_IsExit: 0
  serializedVersion: 3
  m_TransitionDuration: 0
  m_TransitionOffset: 0
  m_ExitTime: 1.0000001
  m_HasExitTime: 0
  m_HasFixedDuration: 1
  m_InterruptionSource: 0
  m_OrderedInterruption: 1
  m_CanTransitionToSelf: 1
--- !u!1102 &1102050280604750068
AnimatorState:
  serializedVersion: 5
  m_ObjectHideFlags: 1
  m_PrefabParentObject: {fileID: 0}
  m_PrefabInternal: {fileID: 0}
  m_Name: New State
  m_Speed: 1
  m_CycleOffset: 0
  m_Transitions: []
  m_StateMachineBehaviours: []
  m_Position: {x: 50, y: 50, z: 0}
  m_IKOnFeet: 0
  m_WriteDefaultValues: 1
  m_Mirror: 0
  m_SpeedParameterActive: 0
  m_MirrorParameterActive: 0
  m_CycleOffsetParameterActive: 0
  m_TimeParameterActive: 0
  m_Motion: {fileID: 0}
  m_Tag: 
  m_SpeedParameter: 
  m_MirrorParameter: 
  m_CycleOffsetParameter: 
  m_TimeParameter: 
--- !u!1102 &1102096844638001358
AnimatorState:
  serializedVersion: 5
  m_ObjectHideFlags: 1
  m_PrefabParentObject: {fileID: 0}
  m_PrefabInternal: {fileID: 0}
  m_Name: WalkN
  m_Speed: 1
  m_CycleOffset: 0
  m_Transitions:
  - {fileID: 1101741780974845150}
  m_StateMachineBehaviours: []
  m_Position: {x: 50, y: 50, z: 0}
  m_IKOnFeet: 0
  m_WriteDefaultValues: 1
  m_Mirror: 0
  m_SpeedParameterActive: 0
  m_MirrorParameterActive: 0
  m_CycleOffsetParameterActive: 0
  m_TimeParameterActive: 0
  m_Motion: {fileID: 7400000, guid: 0b0e2c765dd4c184585e7a938e274329, type: 2}
  m_Tag: 
  m_SpeedParameter: 
  m_MirrorParameter: 
  m_CycleOffsetParameter: 
  m_TimeParameter: 
--- !u!1102 &1102169174470521568
AnimatorState:
  serializedVersion: 5
  m_ObjectHideFlags: 1
  m_PrefabParentObject: {fileID: 0}
  m_PrefabInternal: {fileID: 0}
  m_Name: IdleW
  m_Speed: 1
  m_CycleOffset: 0
  m_Transitions:
  - {fileID: 1101169784483123240}
  m_StateMachineBehaviours: []
  m_Position: {x: 50, y: 50, z: 0}
  m_IKOnFeet: 0
  m_WriteDefaultValues: 1
  m_Mirror: 0
  m_SpeedParameterActive: 0
  m_MirrorParameterActive: 0
  m_CycleOffsetParameterActive: 0
  m_TimeParameterActive: 0
  m_Motion: {fileID: 7400000, guid: f2efbd302d37a91409012688d8db36df, type: 2}
  m_Tag: 
  m_SpeedParameter: 
  m_MirrorParameter: 
  m_CycleOffsetParameter: 
  m_TimeParameter: 
--- !u!1102 &1102244419502609206
AnimatorState:
  serializedVersion: 5
  m_ObjectHideFlags: 1
  m_PrefabParentObject: {fileID: 0}
  m_PrefabInternal: {fileID: 0}
  m_Name: WalkE
  m_Speed: 1
  m_CycleOffset: 0
  m_Transitions:
  - {fileID: 1101632303038008966}
  m_StateMachineBehaviours: []
  m_Position: {x: 50, y: 50, z: 0}
  m_IKOnFeet: 0
  m_WriteDefaultValues: 1
  m_Mirror: 0
  m_SpeedParameterActive: 0
  m_MirrorParameterActive: 0
  m_CycleOffsetParameterActive: 0
  m_TimeParameterActive: 0
  m_Motion: {fileID: 7400000, guid: 95d84c6768222814d97e1b314b78e744, type: 2}
  m_Tag: 
  m_SpeedParameter: 
  m_MirrorParameter: 
  m_CycleOffsetParameter: 
  m_TimeParameter: 
--- !u!1102 &1102249786447603488
AnimatorState:
  serializedVersion: 5
  m_ObjectHideFlags: 1
  m_PrefabParentObject: {fileID: 0}
  m_PrefabInternal: {fileID: 0}
  m_Name: IdleS
  m_Speed: 1
  m_CycleOffset: 0
  m_Transitions:
  - {fileID: 1101661698285383788}
  m_StateMachineBehaviours: []
  m_Position: {x: 50, y: 50, z: 0}
  m_IKOnFeet: 0
  m_WriteDefaultValues: 1
  m_Mirror: 0
  m_SpeedParameterActive: 0
  m_MirrorParameterActive: 0
  m_CycleOffsetParameterActive: 0
  m_TimeParameterActive: 0
  m_Motion: {fileID: 7400000, guid: 93ccbcde4fc84e04fb85aebfa7c2ead6, type: 2}
  m_Tag: 
  m_SpeedParameter: 
  m_MirrorParameter: 
  m_CycleOffsetParameter: 
  m_TimeParameter: 
--- !u!1102 &1102259541478887600
AnimatorState:
  serializedVersion: 5
  m_ObjectHideFlags: 1
  m_PrefabParentObject: {fileID: 0}
  m_PrefabInternal: {fileID: 0}
  m_Name: WalkS
  m_Speed: 1
  m_CycleOffset: 0
  m_Transitions:
  - {fileID: 1101568608170002388}
  m_StateMachineBehaviours: []
  m_Position: {x: 50, y: 50, z: 0}
  m_IKOnFeet: 0
  m_WriteDefaultValues: 1
  m_Mirror: 0
  m_SpeedParameterActive: 0
  m_MirrorParameterActive: 0
  m_CycleOffsetParameterActive: 0
  m_TimeParameterActive: 0
  m_Motion: {fileID: 7400000, guid: 00cbf542f3521cd49b9499b1729afbb2, type: 2}
  m_Tag: 
  m_SpeedParameter: 
  m_MirrorParameter: 
  m_CycleOffsetParameter: 
  m_TimeParameter: 
--- !u!1102 &1102286984619802284
AnimatorState:
  serializedVersion: 5
  m_ObjectHideFlags: 1
  m_PrefabParentObject: {fileID: 0}
  m_PrefabInternal: {fileID: 0}
  m_Name: RunW
  m_Speed: 1
  m_CycleOffset: 0
  m_Transitions:
  - {fileID: 1101848747803477698}
  m_StateMachineBehaviours: []
  m_Position: {x: 50, y: 50, z: 0}
  m_IKOnFeet: 0
  m_WriteDefaultValues: 1
  m_Mirror: 0
  m_SpeedParameterActive: 0
  m_MirrorParameterActive: 0
  m_CycleOffsetParameterActive: 0
  m_TimeParameterActive: 0
  m_Motion: {fileID: 7400000, guid: 4c62ecc3b5bba344ea3ad10ef395ae22, type: 2}
  m_Tag: 
  m_SpeedParameter: 
  m_MirrorParameter: 
  m_CycleOffsetParameter: 
  m_TimeParameter: 
--- !u!1102 &1102442208133124568
AnimatorState:
  serializedVersion: 5
  m_ObjectHideFlags: 1
  m_PrefabParentObject: {fileID: 0}
  m_PrefabInternal: {fileID: 0}
  m_Name: IdleNE
  m_Speed: 1
  m_CycleOffset: 0
  m_Transitions:
  - {fileID: 1101657217700676246}
  m_StateMachineBehaviours: []
  m_Position: {x: 50, y: 50, z: 0}
  m_IKOnFeet: 0
  m_WriteDefaultValues: 1
  m_Mirror: 0
  m_SpeedParameterActive: 0
  m_MirrorParameterActive: 0
  m_CycleOffsetParameterActive: 0
  m_TimeParameterActive: 0
  m_Motion: {fileID: 7400000, guid: c8381d78992d7c249a87547ce461005e, type: 2}
  m_Tag: 
  m_SpeedParameter: 
  m_MirrorParameter: 
  m_CycleOffsetParameter: 
  m_TimeParameter: 
--- !u!1102 &1102494104331365238
AnimatorState:
  serializedVersion: 5
  m_ObjectHideFlags: 1
  m_PrefabParentObject: {fileID: 0}
  m_PrefabInternal: {fileID: 0}
  m_Name: IdleSE
  m_Speed: 1
  m_CycleOffset: 0
  m_Transitions:
  - {fileID: 1101990774555390102}
  m_StateMachineBehaviours: []
  m_Position: {x: 50, y: 50, z: 0}
  m_IKOnFeet: 0
  m_WriteDefaultValues: 1
  m_Mirror: 0
  m_SpeedParameterActive: 0
  m_MirrorParameterActive: 0
  m_CycleOffsetParameterActive: 0
  m_TimeParameterActive: 0
  m_Motion: {fileID: 7400000, guid: 65ed5650f6cbea647b3740927a17b050, type: 2}
  m_Tag: 
  m_SpeedParameter: 
  m_MirrorParameter: 
  m_CycleOffsetParameter: 
  m_TimeParameter: 
--- !u!1102 &1102570477319235670
AnimatorState:
  serializedVersion: 5
  m_ObjectHideFlags: 1
  m_PrefabParentObject: {fileID: 0}
  m_PrefabInternal: {fileID: 0}
  m_Name: WalkSW
  m_Speed: 1
  m_CycleOffset: 0
  m_Transitions:
  - {fileID: 1101847353237925984}
  m_StateMachineBehaviours: []
  m_Position: {x: 50, y: 50, z: 0}
  m_IKOnFeet: 0
  m_WriteDefaultValues: 1
  m_Mirror: 0
  m_SpeedParameterActive: 0
  m_MirrorParameterActive: 0
  m_CycleOffsetParameterActive: 0
  m_TimeParameterActive: 0
  m_Motion: {fileID: 7400000, guid: 91e10ef293574c94b932fb25fdc6b50d, type: 2}
  m_Tag: 
  m_SpeedParameter: 
  m_MirrorParameter: 
  m_CycleOffsetParameter: 
  m_TimeParameter: 
--- !u!1102 &1102631520118576822
AnimatorState:
  serializedVersion: 5
  m_ObjectHideFlags: 1
  m_PrefabParentObject: {fileID: 0}
  m_PrefabInternal: {fileID: 0}
  m_Name: IdleSW
  m_Speed: 1
  m_CycleOffset: 0
  m_Transitions:
  - {fileID: 1101965976159359642}
  m_StateMachineBehaviours: []
  m_Position: {x: 50, y: 50, z: 0}
  m_IKOnFeet: 0
  m_WriteDefaultValues: 1
  m_Mirror: 0
  m_SpeedParameterActive: 0
  m_MirrorParameterActive: 0
  m_CycleOffsetParameterActive: 0
  m_TimeParameterActive: 0
  m_Motion: {fileID: 7400000, guid: 681c60d7bde96cf49ab2480a66d87788, type: 2}
  m_Tag: 
  m_SpeedParameter: 
  m_MirrorParameter: 
  m_CycleOffsetParameter: 
  m_TimeParameter: 
--- !u!1102 &1102733628600168040
AnimatorState:
  serializedVersion: 5
  m_ObjectHideFlags: 1
  m_PrefabParentObject: {fileID: 0}
  m_PrefabInternal: {fileID: 0}
  m_Name: WalkNW
  m_Speed: 1
  m_CycleOffset: 0
  m_Transitions:
  - {fileID: 1101330693424700950}
  m_StateMachineBehaviours: []
  m_Position: {x: 50, y: 50, z: 0}
  m_IKOnFeet: 0
  m_WriteDefaultValues: 1
  m_Mirror: 0
  m_SpeedParameterActive: 0
  m_MirrorParameterActive: 0
  m_CycleOffsetParameterActive: 0
  m_TimeParameterActive: 0
  m_Motion: {fileID: 7400000, guid: 4c63757b1233ee14c83be19bb27d73be, type: 2}
  m_Tag: 
  m_SpeedParameter: 
  m_MirrorParameter: 
  m_CycleOffsetParameter: 
  m_TimeParameter: 
--- !u!1102 &1102752940341531930
AnimatorState:
  serializedVersion: 5
  m_ObjectHideFlags: 1
  m_PrefabParentObject: {fileID: 0}
  m_PrefabInternal: {fileID: 0}
  m_Name: IdleNW
  m_Speed: 1
  m_CycleOffset: 0
  m_Transitions:
  - {fileID: 1101483372004767226}
  m_StateMachineBehaviours: []
  m_Position: {x: 50, y: 50, z: 0}
  m_IKOnFeet: 0
  m_WriteDefaultValues: 1
  m_Mirror: 0
  m_SpeedParameterActive: 0
  m_MirrorParameterActive: 0
  m_CycleOffsetParameterActive: 0
  m_TimeParameterActive: 0
  m_Motion: {fileID: 7400000, guid: 2c90433017c82d74c87cb6d41f35a4b7, type: 2}
  m_Tag: 
  m_SpeedParameter: 
  m_MirrorParameter: 
  m_CycleOffsetParameter: 
  m_TimeParameter: 
--- !u!1102 &1102836971569633194
AnimatorState:
  serializedVersion: 5
  m_ObjectHideFlags: 1
  m_PrefabParentObject: {fileID: 0}
  m_PrefabInternal: {fileID: 0}
  m_Name: WalkSE
  m_Speed: 1
  m_CycleOffset: 0
  m_Transitions:
  - {fileID: 1101673990829973878}
  m_StateMachineBehaviours: []
  m_Position: {x: 50, y: 50, z: 0}
  m_IKOnFeet: 0
  m_WriteDefaultValues: 1
  m_Mirror: 0
  m_SpeedParameterActive: 0
  m_MirrorParameterActive: 0
  m_CycleOffsetParameterActive: 0
  m_TimeParameterActive: 0
  m_Motion: {fileID: 7400000, guid: 8d121a7d038f49c4cb83466bad94a95b, type: 2}
  m_Tag: 
  m_SpeedParameter: 
  m_MirrorParameter: 
  m_CycleOffsetParameter: 
  m_TimeParameter: 
--- !u!1102 &1102914453645241694
AnimatorState:
  serializedVersion: 5
  m_ObjectHideFlags: 1
  m_PrefabParentObject: {fileID: 0}
  m_PrefabInternal: {fileID: 0}
  m_Name: WalkNE
  m_Speed: 1
  m_CycleOffset: 0
  m_Transitions:
  - {fileID: 1101351509525792776}
  m_StateMachineBehaviours: []
  m_Position: {x: 50, y: 50, z: 0}
  m_IKOnFeet: 0
  m_WriteDefaultValues: 1
  m_Mirror: 0
  m_SpeedParameterActive: 0
  m_MirrorParameterActive: 0
  m_CycleOffsetParameterActive: 0
  m_TimeParameterActive: 0
  m_Motion: {fileID: 7400000, guid: 29ecbfc45e7ea0944aacdb5ec4c64e6e, type: 2}
  m_Tag: 
  m_SpeedParameter: 
  m_MirrorParameter: 
  m_CycleOffsetParameter: 
  m_TimeParameter: 
--- !u!1102 &1102963860523681864
AnimatorState:
  serializedVersion: 5
  m_ObjectHideFlags: 1
  m_PrefabParentObject: {fileID: 0}
  m_PrefabInternal: {fileID: 0}
  m_Name: IdleE
  m_Speed: 1
  m_CycleOffset: 0
  m_Transitions:
  - {fileID: 1101263017380014548}
  m_StateMachineBehaviours: []
  m_Position: {x: 50, y: 50, z: 0}
  m_IKOnFeet: 0
  m_WriteDefaultValues: 1
  m_Mirror: 0
  m_SpeedParameterActive: 0
  m_MirrorParameterActive: 0
  m_CycleOffsetParameterActive: 0
  m_TimeParameterActive: 0
  m_Motion: {fileID: 7400000, guid: 0af599e861e512a4c831f4c778014a49, type: 2}
  m_Tag: 
  m_SpeedParameter: 
  m_MirrorParameter: 
  m_CycleOffsetParameter: 
  m_TimeParameter: 
--- !u!1102 &1102976247913519192
AnimatorState:
  serializedVersion: 5
  m_ObjectHideFlags: 1
  m_PrefabParentObject: {fileID: 0}
  m_PrefabInternal: {fileID: 0}
  m_Name: IdleN
  m_Speed: 1
  m_CycleOffset: 0
  m_Transitions:
  - {fileID: 1101554315056730958}
  m_StateMachineBehaviours: []
  m_Position: {x: 50, y: 50, z: 0}
  m_IKOnFeet: 0
  m_WriteDefaultValues: 1
  m_Mirror: 0
  m_SpeedParameterActive: 0
  m_MirrorParameterActive: 0
  m_CycleOffsetParameterActive: 0
  m_TimeParameterActive: 0
  m_Motion: {fileID: 7400000, guid: 07003ad37a21c4546b78cb8ca63d20b1, type: 2}
  m_Tag: 
  m_SpeedParameter: 
  m_MirrorParameter: 
  m_CycleOffsetParameter: 
  m_TimeParameter: 
--- !u!1107 &1107147519648987188
AnimatorStateMachine:
  serializedVersion: 5
  m_ObjectHideFlags: 1
  m_PrefabParentObject: {fileID: 0}
  m_PrefabInternal: {fileID: 0}
  m_Name: Moving
  m_ChildStates:
  - serializedVersion: 1
    m_State: {fileID: 1102286984619802284}
    m_Position: {x: -851.625, y: 23.254028, z: 0}
  - serializedVersion: 1
    m_State: {fileID: 1102733628600168040}
    m_Position: {x: -622.41077, y: -374.50024, z: 0}
  - serializedVersion: 1
    m_State: {fileID: 1102096844638001358}
    m_Position: {x: 11.299561, y: -664.3889, z: 0}
  - serializedVersion: 1
    m_State: {fileID: 1102914453645241694}
    m_Position: {x: 658.4929, y: -455.3994, z: 0}
  - serializedVersion: 1
    m_State: {fileID: 1102244419502609206}
    m_Position: {x: 860.7407, y: -50.903564, z: 0}
  - serializedVersion: 1
    m_State: {fileID: 1102836971569633194}
    m_Position: {x: 638.26807, y: 447.97473, z: 0}
  - serializedVersion: 1
    m_State: {fileID: 1102259541478887600}
    m_Position: {x: 71.97388, y: 609.7731, z: 0}
  - serializedVersion: 1
    m_State: {fileID: 1102570477319235670}
    m_Position: {x: -528.0283, y: 528.8739, z: 0}
  m_ChildStateMachines: []
  m_AnyStateTransitions: []
  m_EntryTransitions:
  - {fileID: 1109389794963167842}
  - {fileID: 1109113752823228106}
  - {fileID: 1109162161182808206}
  - {fileID: 1109985792097261780}
  - {fileID: 1109557746358671012}
  - {fileID: 1109570834766185336}
  - {fileID: 1109754497409509966}
  - {fileID: 1109652764860995798}
  m_StateMachineTransitions: {}
  m_StateMachineBehaviours: []
  m_AnyStatePosition: {x: 50, y: 20, z: 0}
  m_EntryPosition: {x: 50, y: 120, z: 0}
  m_ExitPosition: {x: 800, y: 120, z: 0}
  m_ParentStateMachinePosition: {x: 384, y: -36, z: 0}
  m_DefaultState: {fileID: 1102286984619802284}
--- !u!1107 &1107221528450154868
AnimatorStateMachine:
  serializedVersion: 5
  m_ObjectHideFlags: 1
  m_PrefabParentObject: {fileID: 0}
  m_PrefabInternal: {fileID: 0}
  m_Name: Base Layer
  m_ChildStates: []
  m_ChildStateMachines:
  - serializedVersion: 1
    m_StateMachine: {fileID: 1107281270887114412}
    m_Position: {x: 444, y: 336, z: 0}
  - serializedVersion: 1
    m_StateMachine: {fileID: 1107147519648987188}
    m_Position: {x: 444, y: 36, z: 0}
  m_AnyStateTransitions: []
  m_EntryTransitions: []
  m_StateMachineTransitions:
  - first: {fileID: 1107147519648987188}
    second:
    - {fileID: 1109135143297353876}
  - first: {fileID: 1107281270887114412}
    second:
    - {fileID: 1109063410916750354}
  m_StateMachineBehaviours: []
  m_AnyStatePosition: {x: 50, y: 20, z: 0}
  m_EntryPosition: {x: 50, y: 120, z: 0}
  m_ExitPosition: {x: 800, y: 120, z: 0}
  m_ParentStateMachinePosition: {x: 800, y: 20, z: 0}
  m_DefaultState: {fileID: 1102249786447603488}
--- !u!1107 &1107281270887114412
AnimatorStateMachine:
  serializedVersion: 5
  m_ObjectHideFlags: 1
  m_PrefabParentObject: {fileID: 0}
  m_PrefabInternal: {fileID: 0}
  m_Name: Idle
  m_ChildStates:
  - serializedVersion: 1
    m_State: {fileID: 1102249786447603488}
    m_Position: {x: 24, y: 600, z: 0}
  - serializedVersion: 1
    m_State: {fileID: 1102631520118576822}
    m_Position: {x: -480.8772, y: 412.32764, z: 0}
  - serializedVersion: 1
    m_State: {fileID: 1102494104331365238}
    m_Position: {x: 597.4617, y: 380.61182, z: 0}
  - serializedVersion: 1
    m_State: {fileID: 1102169174470521568}
    m_Position: {x: -734.604, y: 6.364746, z: 0}
  - serializedVersion: 1
    m_State: {fileID: 1102752940341531930}
    m_Position: {x: -420, y: -480, z: 0}
  - serializedVersion: 1
    m_State: {fileID: 1102442208133124568}
    m_Position: {x: 705.29565, y: -456.68677, z: 0}
  - serializedVersion: 1
    m_State: {fileID: 1102976247913519192}
    m_Position: {x: 20.233154, y: -786.5315, z: 0}
  - serializedVersion: 1
    m_State: {fileID: 1102963860523681864}
    m_Position: {x: 851.1885, y: -57.067017, z: 0}
  m_ChildStateMachines: []
  m_AnyStateTransitions: []
  m_EntryTransitions:
  - {fileID: 1109821787422769448}
  - {fileID: 1109831931527105420}
  - {fileID: 1109351912634088052}
  - {fileID: 1109067968711003344}
  - {fileID: 1109599525680039898}
  - {fileID: 1109472631253134212}
  - {fileID: 1109985761733053542}
  - {fileID: 1109705727541616048}
  m_StateMachineTransitions: {}
  m_StateMachineBehaviours: []
  m_AnyStatePosition: {x: 780, y: 744, z: 0}
  m_EntryPosition: {x: 50, y: 120, z: 0}
  m_ExitPosition: {x: 576, y: 744, z: 0}
  m_ParentStateMachinePosition: {x: 336, y: 552, z: 0}
  m_DefaultState: {fileID: 1102249786447603488}
--- !u!1109 &1109063410916750354
AnimatorTransition:
  m_ObjectHideFlags: 1
  m_PrefabParentObject: {fileID: 0}
  m_PrefabInternal: {fileID: 0}
  m_Name: 
  m_Conditions:
  - m_ConditionMode: 3
    m_ConditionEvent: state
    m_EventTreshold: 7
  m_DstStateMachine: {fileID: 1107147519648987188}
  m_DstState: {fileID: 0}
  m_Solo: 0
  m_Mute: 0
  m_IsExit: 0
  serializedVersion: 1
--- !u!1109 &1109067968711003344
AnimatorTransition:
  m_ObjectHideFlags: 1
  m_PrefabParentObject: {fileID: 0}
  m_PrefabInternal: {fileID: 0}
  m_Name: 
  m_Conditions:
  - m_ConditionMode: 6
    m_ConditionEvent: state
    m_EventTreshold: 3
  m_DstStateMachine: {fileID: 0}
  m_DstState: {fileID: 1102752940341531930}
  m_Solo: 0
  m_Mute: 0
  m_IsExit: 0
  serializedVersion: 1
--- !u!1109 &1109083704477764902
AnimatorTransition:
  m_ObjectHideFlags: 1
  m_PrefabParentObject: {fileID: 0}
  m_PrefabInternal: {fileID: 0}
  m_Name: 
  m_Conditions: []
  m_DstStateMachine: {fileID: 0}
  m_DstState: {fileID: 1102631520118576822}
  m_Solo: 0
  m_Mute: 0
  m_IsExit: 0
  serializedVersion: 1
--- !u!1109 &1109113752823228106
AnimatorTransition:
  m_ObjectHideFlags: 1
  m_PrefabParentObject: {fileID: 0}
  m_PrefabInternal: {fileID: 0}
  m_Name: 
  m_Conditions:
  - m_ConditionMode: 6
    m_ConditionEvent: state
    m_EventTreshold: 9
  m_DstStateMachine: {fileID: 0}
  m_DstState: {fileID: 1102570477319235670}
  m_Solo: 0
  m_Mute: 0
  m_IsExit: 0
  serializedVersion: 1
--- !u!1109 &1109135143297353876
AnimatorTransition:
  m_ObjectHideFlags: 1
  m_PrefabParentObject: {fileID: 0}
  m_PrefabInternal: {fileID: 0}
  m_Name: 
  m_Conditions:
  - m_ConditionMode: 4
    m_ConditionEvent: state
    m_EventTreshold: 8
  m_DstStateMachine: {fileID: 1107281270887114412}
  m_DstState: {fileID: 0}
  m_Solo: 0
  m_Mute: 0
  m_IsExit: 0
  serializedVersion: 1
--- !u!1109 &1109162161182808206
AnimatorTransition:
  m_ObjectHideFlags: 1
  m_PrefabParentObject: {fileID: 0}
  m_PrefabInternal: {fileID: 0}
  m_Name: 
  m_Conditions:
  - m_ConditionMode: 3
    m_ConditionEvent: state
    m_EventTreshold: 8
  m_DstStateMachine: {fileID: 0}
  m_DstState: {fileID: 1102259541478887600}
  m_Solo: 0
  m_Mute: 0
  m_IsExit: 0
  serializedVersion: 1
--- !u!1109 &1109171258953938862
AnimatorTransition:
  m_ObjectHideFlags: 1
  m_PrefabParentObject: {fileID: 0}
  m_PrefabInternal: {fileID: 0}
  m_Name: 
  m_Conditions: []
  m_DstStateMachine: {fileID: 1107281270887114412}
  m_DstState: {fileID: 0}
  m_Solo: 0
  m_Mute: 0
  m_IsExit: 0
  serializedVersion: 1
--- !u!1109 &1109280568907053690
AnimatorTransition:
  m_ObjectHideFlags: 1
  m_PrefabParentObject: {fileID: 0}
  m_PrefabInternal: {fileID: 0}
  m_Name: 
  m_Conditions: []
  m_DstStateMachine: {fileID: 0}
  m_DstState: {fileID: 1102249786447603488}
  m_Solo: 0
  m_Mute: 0
  m_IsExit: 0
  serializedVersion: 1
--- !u!1109 &1109351912634088052
AnimatorTransition:
  m_ObjectHideFlags: 1
  m_PrefabParentObject: {fileID: 0}
  m_PrefabInternal: {fileID: 0}
  m_Name: 
  m_Conditions:
  - m_ConditionMode: 6
    m_ConditionEvent: state
    m_EventTreshold: 2
  m_DstStateMachine: {fileID: 0}
  m_DstState: {fileID: 1102169174470521568}
  m_Solo: 0
  m_Mute: 0
  m_IsExit: 0
  serializedVersion: 1
--- !u!1109 &1109389794963167842
AnimatorTransition:
  m_ObjectHideFlags: 1
  m_PrefabParentObject: {fileID: 0}
  m_PrefabInternal: {fileID: 0}
  m_Name: 
  m_Conditions:
  - m_ConditionMode: 6
    m_ConditionEvent: state
    m_EventTreshold: 10
  m_DstStateMachine: {fileID: 0}
  m_DstState: {fileID: 1102286984619802284}
  m_Solo: 0
  m_Mute: 0
  m_IsExit: 0
  serializedVersion: 1
--- !u!1109 &1109472631253134212
AnimatorTransition:
  m_ObjectHideFlags: 1
  m_PrefabParentObject: {fileID: 0}
  m_PrefabInternal: {fileID: 0}
  m_Name: 
  m_Conditions:
  - m_ConditionMode: 6
    m_ConditionEvent: state
    m_EventTreshold: 5
  m_DstStateMachine: {fileID: 0}
  m_DstState: {fileID: 1102442208133124568}
  m_Solo: 0
  m_Mute: 0
  m_IsExit: 0
  serializedVersion: 1
--- !u!1109 &1109557746358671012
AnimatorTransition:
  m_ObjectHideFlags: 1
  m_PrefabParentObject: {fileID: 0}
  m_PrefabInternal: {fileID: 0}
  m_Name: 
  m_Conditions:
  - m_ConditionMode: 6
    m_ConditionEvent: state
    m_EventTreshold: 12
  m_DstStateMachine: {fileID: 0}
  m_DstState: {fileID: 1102096844638001358}
  m_Solo: 0
  m_Mute: 0
  m_IsExit: 0
  serializedVersion: 1
--- !u!1109 &1109570834766185336
AnimatorTransition:
  m_ObjectHideFlags: 1
  m_PrefabParentObject: {fileID: 0}
  m_PrefabInternal: {fileID: 0}
  m_Name: 
  m_Conditions:
  - m_ConditionMode: 6
    m_ConditionEvent: state
    m_EventTreshold: 13
  m_DstStateMachine: {fileID: 0}
  m_DstState: {fileID: 1102914453645241694}
  m_Solo: 0
  m_Mute: 0
  m_IsExit: 0
  serializedVersion: 1
--- !u!1109 &1109591844237580068
AnimatorTransition:
  m_ObjectHideFlags: 1
  m_PrefabParentObject: {fileID: 0}
  m_PrefabInternal: {fileID: 0}
  m_Name: 
  m_Conditions: []
  m_DstStateMachine: {fileID: 0}
  m_DstState: {fileID: 1102249786447603488}
  m_Solo: 0
  m_Mute: 0
  m_IsExit: 0
  serializedVersion: 1
--- !u!1109 &1109599525680039898
AnimatorTransition:
  m_ObjectHideFlags: 1
  m_PrefabParentObject: {fileID: 0}
  m_PrefabInternal: {fileID: 0}
  m_Name: 
  m_Conditions:
  - m_ConditionMode: 6
    m_ConditionEvent: state
    m_EventTreshold: 4
  m_DstStateMachine: {fileID: 0}
  m_DstState: {fileID: 1102976247913519192}
  m_Solo: 0
  m_Mute: 0
  m_IsExit: 0
  serializedVersion: 1
--- !u!1109 &1109652764860995798
AnimatorTransition:
  m_ObjectHideFlags: 1
  m_PrefabParentObject: {fileID: 0}
  m_PrefabInternal: {fileID: 0}
  m_Name: 
  m_Conditions:
  - m_ConditionMode: 6
    m_ConditionEvent: state
    m_EventTreshold: 15
  m_DstStateMachine: {fileID: 0}
  m_DstState: {fileID: 1102836971569633194}
  m_Solo: 0
  m_Mute: 0
  m_IsExit: 0
  serializedVersion: 1
--- !u!1109 &1109687365572000916
AnimatorTransition:
  m_ObjectHideFlags: 1
  m_PrefabParentObject: {fileID: 0}
  m_PrefabInternal: {fileID: 0}
  m_Name: 
  m_Conditions: []
  m_DstStateMachine: {fileID: 0}
  m_DstState: {fileID: 1102169174470521568}
  m_Solo: 0
  m_Mute: 0
  m_IsExit: 0
  serializedVersion: 1
--- !u!1109 &1109705727541616048
AnimatorTransition:
  m_ObjectHideFlags: 1
  m_PrefabParentObject: {fileID: 0}
  m_PrefabInternal: {fileID: 0}
  m_Name: 
  m_Conditions:
  - m_ConditionMode: 6
    m_ConditionEvent: state
    m_EventTreshold: 6
  m_DstStateMachine: {fileID: 0}
  m_DstState: {fileID: 1102963860523681864}
  m_Solo: 0
  m_Mute: 0
  m_IsExit: 0
  serializedVersion: 1
--- !u!1109 &1109754497409509966
AnimatorTransition:
  m_ObjectHideFlags: 1
  m_PrefabParentObject: {fileID: 0}
  m_PrefabInternal: {fileID: 0}
  m_Name: 
  m_Conditions:
  - m_ConditionMode: 6
    m_ConditionEvent: state
    m_EventTreshold: 14
  m_DstStateMachine: {fileID: 0}
  m_DstState: {fileID: 1102244419502609206}
  m_Solo: 0
  m_Mute: 0
  m_IsExit: 0
  serializedVersion: 1
--- !u!1109 &1109821787422769448
AnimatorTransition:
  m_ObjectHideFlags: 1
  m_PrefabParentObject: {fileID: 0}
  m_PrefabInternal: {fileID: 0}
  m_Name: 
  m_Conditions:
  - m_ConditionMode: 6
    m_ConditionEvent: state
    m_EventTreshold: 1
  m_DstStateMachine: {fileID: 0}
  m_DstState: {fileID: 1102631520118576822}
  m_Solo: 0
  m_Mute: 0
  m_IsExit: 0
  serializedVersion: 1
--- !u!1109 &1109831931527105420
AnimatorTransition:
  m_ObjectHideFlags: 1
  m_PrefabParentObject: {fileID: 0}
  m_PrefabInternal: {fileID: 0}
  m_Name: 
  m_Conditions:
  - m_ConditionMode: 6
    m_ConditionEvent: state
    m_EventTreshold: 0
  m_DstStateMachine: {fileID: 0}
  m_DstState: {fileID: 1102249786447603488}
  m_Solo: 0
  m_Mute: 0
  m_IsExit: 0
  serializedVersion: 1
--- !u!1109 &1109985761733053542
AnimatorTransition:
  m_ObjectHideFlags: 1
  m_PrefabParentObject: {fileID: 0}
  m_PrefabInternal: {fileID: 0}
  m_Name: 
  m_Conditions:
  - m_ConditionMode: 6
    m_ConditionEvent: state
    m_EventTreshold: 7
  m_DstStateMachine: {fileID: 0}
  m_DstState: {fileID: 1102494104331365238}
  m_Solo: 0
  m_Mute: 0
  m_IsExit: 0
  serializedVersion: 1
--- !u!1109 &1109985792097261780
AnimatorTransition:
  m_ObjectHideFlags: 1
  m_PrefabParentObject: {fileID: 0}
  m_PrefabInternal: {fileID: 0}
  m_Name: 
  m_Conditions:
  - m_ConditionMode: 6
    m_ConditionEvent: state
    m_EventTreshold: 11
  m_DstStateMachine: {fileID: 0}
  m_DstState: {fileID: 1102733628600168040}
  m_Solo: 0
  m_Mute: 0
  m_IsExit: 0
  serializedVersion: 1
